% Encoding: UTF-8

@Book{physchemlab,
  author = {北京大学化学与分子工程学院物理化学实验教学组},
  title  = {物理化学实验},
  year   = {2020},
}

@Comment{jabref-meta: databaseType:bibtex;}
