% Encoding: UTF-8

@Book{physchemlab,
  author = {北京大学化学与分子工程学院物理化学实验教学组},
  title  = {物理化学实验},
  year   = {2020},
}

@Book{crc,
  author    = {Haynes, William M},
  publisher = {CRC press},
  title     = {CRC handbook of chemistry and physics},
  year      = {2014},
}

@Article{wenxian2,
  author    = {Mayerh{\"o}fer, Thomas G{\"u}nter and Dabrowska, Alicja and Schwaighofer, Andreas and Lendl, Bernhard and Popp, J{\"u}rgen},
  journal   = {ChemPhysChem},
  title     = {Beyond Beer’s law--why the index of refraction depends (almost) linearly on concentration},
  year      = {2020},
  publisher = {Wiley Online Library},
}

@Article{wenxian1,
  author  = {雷玲，陆新华},
  journal = {化工时刊},
  title   = {乙醇-环己烷双液系气液平衡相图测绘方法改进},
  year    = {2016},
  number  = {1},
  pages   = {22--25},
  volume  = {30},
}

@Comment{jabref-meta: databaseType:bibtex;}
