% Encoding: UTF-8

@Book{dean1992lange,
  author    = {Dean, John Aurie and others},
  publisher = {McGraw-Hill New York},
  title     = {Lange's handbook of chemistry},
  year      = {1992},
  volume    = {15},
}

@Article{Bast2009,
  author    = {Radovan Bast and Hans J{\o}rgen Aa. Jensen and Trond Saue},
  journal   = {International Journal of Quantum Chemistry},
  title     = {Relativistic adiabatic time-dependent density functional theory using hybrid functionals and noncollinear spin magnetization},
  year      = {2009},
  number    = {10},
  pages     = {2091--2112},
  volume    = {109},
  doi       = {10.1002/qua.22065},
  publisher = {Wiley},
}

@Article{Konecny2019,
  author    = {Lukas Konecny and Michal Repisky and Kenneth Ruud and Stanislav Komorovsky},
  journal   = {The Journal of Chemical Physics},
  title     = {Relativistic four-component linear damped response {TDDFT} for electronic absorption and circular dichroism calculations},
  year      = {2019},
  month     = {nov},
  number    = {19},
  pages     = {194112},
  volume    = {151},
  doi       = {10.1063/1.5128564},
  publisher = {{AIP} Publishing},
}

@Article{Williams_2007,
  author    = {Christopher I. Williams and Miklos Feher},
  journal   = {Journal of Computer-Aided Molecular Design},
  title     = {The effect of numerical error on the reproducibility of molecular geometry optimizations},
  year      = {2007},
  month     = {dec},
  number    = {1},
  pages     = {39--51},
  volume    = {22},
  doi       = {https://doi.org/10.1007/s10822-007-9154-7},
  publisher = {Springer Science and Business Media {LLC}},
}

@Article{Call_2007,
  author    = {Seth T. Call and Dmitry Yu. Zubarev and Alexander I. Boldyrev},
  journal   = {Journal of Computational Chemistry},
  title     = {Global minimum structure searches via particle swarm optimization},
  year      = {2007},
  number    = {7},
  pages     = {1177--1186},
  volume    = {28},
  doi       = {https://doi.org/10.1002/jcc.20621},
  publisher = {Wiley},
}

@Article{,
}

@Comment{jabref-meta: databaseType:bibtex;}
