% Encoding: UTF-8

@Book{physchemlab,
  author = {北京大学化学与分子工程学院物理化学实验教学组},
  title  = {物理化学实验},
  year   = {2020},
}

@Book{dean1992lange,
  author    = {Dean, John Aurie and others},
  publisher = {McGraw-Hill New York},
  title     = {Lange's handbook of chemistry},
  year      = {1992},
  volume    = {15},
}

@Comment{jabref-meta: databaseType:bibtex;}
